##comment articles where abstract + conclusion has been read. 
####
####
@journal {energy4,
    title = {Optimal thermal management of server cooling system based cooling tower under different ambient temperatures}, 
    author = {He Wei, Zhang Jifang, Li Hailong, Liu Shengchun, Wang Yulin, Lv Baoying, Wei Jie},
    year = {2022},
    publisher = {Great Britain: Elsevier Science B.V., Amsterdam.}
}

@journal {modelling1,
    title = {A Comprehensive Model of Data Center: From CPU to Cooling Tower}, 
    author = {Zhabelova, G. Vesterlund, M. Eschmann, S. Berezovskaya, Y. Vyatkin, V. Flieller, D.},
    year = {2018},
    publisher = {IEEE Access Access, IEEE. 6:61254-61266}
} ## Article som skapar en modell över ett datacenter med matematiska formler. SKa väl hjälp till när man vill 
göra mätningar av energiåtgång tänker jag. 

@articles {free-cooling1,
    title = {Lågtemperaturuppvärmning av växthus: En litteraturstudie}, 
    author = {Persson, Tomas. Rönnelid, Mats},
    year = {2021},
    publisher = {Energiinnovation Energikompetenscentrum Rapport.}
} ##Intressant artikel om att använda värmen till västhus uppe i Boden. Gick att söka vidare på nya artiklar. 

@articles {energy5,
    title = {Supercomputers Keeping People Warm in the Winter}, 
    author = {Romero, Mario. Hasselqvist, Hanna. Svensson, Gert},
    year = {2014},
    publisher = {Kungliga Tekniska Högskolan}
}

@journal {energy2,
    title = {A survey on data center cooling systems: Technology, power consumption modeling and control strategy optimization}, 
    author = {Zhang Qingxia, Meng Zihao, Hong Xianwen, Zhan Yuhao, Liu Jia, Dong Jiabao, Bai Tian, Niu Junyu, Deen M. Jamal},
    year = {2021},
    publisher = {Journal of Systems Architecture}
} # stod inte så mycket i abstract och conlusion... En liten hint om att de är både mekaniskt och datadrivet 
utveckling med att få ner konsumtionen av el . Antar att de är algorithmer och virtualisering som är den datadrivna. 

@journal {modelling2,
    title = {A review of thermal management and innovative cooling strategies for data center}, 
    author = {Nadjahi Chayan, Louahlia Hasna, Lemasson Stéphane},
    year = {2018},
    publisher = {Elsevier Science B.V., Amsterdam}
} ## En väldigt bra artikel som förklarar på ett enkelt sätt. Läs mer av denna. 
## artikeln blev dock rätt så svår ju längre ner man kom. Eller så är de att jag är trött... Mycket ritningar och tabeller


@journal {energy3,
    title = {Cooling Systems in Data Centers: State of Art and Emerging Technologies}, 
    author = {Capozzoli, Alfonso. Primiceri, Giulio},
    year = {2015},
    publisher = {Elsevier Ltd}
} ## verkar vara en kortare text. Ungefär som den jag ska skriva: kan ju iof finnas goda referenser att hämta.

##Comment Read abstact - introduction - conclusion
#####
####
###
@journal {energycompare1,
    title = {Holistic and energy-efficient management of datacentres}, 
    author = {Al-Anii, Yaser Talal Saber},
    year = {2017},
    publisher = {University of Leeds}
} ## inriktning på skillnad mellan vattenkylning och luftkylning. Experiement 2 olika system.  

##Comment Read abstract - intro - background - analyze - conclusion